% Journals

% First the Full Name is given, then the abbreviation used in the AMS Math
% Reviews, with an indication if it could not be found there.
% Note the 2nd overwrites the 1st, so swap them if you want the full name.

 %{AMS}
 @String{AMSTrans = "American Mathematical Society Translations" }
 @String{AMSTrans = "Amer. Math. Soc. Transl." }
 @String{BullAMS = "Bulletin of the American Mathematical Society" }
 @String{BullAMS = "Bull. Amer. Math. Soc." }
 @String{ProcAMS = "Proceedings of the American Mathematical Society" }
 @String{ProcAMS = "Proc. Amer. Math. Soc." }
 @String{TransAMS = "Transactions of the American Mathematical Society" }
 @String{TransAMS = "Trans. Amer. Math. Soc." }

 %ACM
 @String{CACM = "Communications of the {ACM}" }
 @String{CACM = "Commun. {ACM}" }
 @String{CompServ = "Comput. Surveys" }
 @String{JACM = "J. ACM" }
 @String{ACMMathSoft = "{ACM} Transactions on Mathematical Software" }
 @String{ACMMathSoft = "{ACM} Trans. Math. Software" }
 @String{SIGNUM = "{ACM} {SIGNUM} Newsletter" }
 @String{SIGNUM = "{ACM} {SIGNUM} Newslett." }

 @String{AmerSocio = "American Journal of Sociology" }
 @String{AmerStatAssoc = "Journal of the American Statistical Association" }
 @String{AmerStatAssoc = "J. Amer. Statist. Assoc." }
 @String{ApplMathComp = "Applied Mathematics and Computation" }
 @String{ApplMathComp = "Appl. Math. Comput." }
 @String{AmerMathMonthly = "American Mathematical Monthly" }
 @String{AmerMathMonthly = "Amer. Math. Monthly" }
 @String{BIT = "{BIT}" }
 @String{BritStatPsych = "British Journal of Mathematical and Statistical
          Psychology" }
 @String{BritStatPsych = "Brit. J. Math. Statist. Psych." }
 @String{CanMathBull = "Canadian Mathematical Bulletin" }
 @String{CanMathBull = "Canad. Math. Bull." }
 @String{CompApplMath = "Journal of Computational and Applied Mathematics" }
 @String{CompApplMath = "J. Comput. Appl. Math." }
 @String{CompPhys = "Journal of Computational Physics" }
 @String{CompPhys = "J. Comput. Phys." }
 @String{CompStruct = "Computers and Structures" }
 @String{CompStruct = "Comput. \& Structures" }
 @String{CompJour = "The Computer Journal" }
 @String{CompJour = "Comput. J." }
 @String{CompSysSci = "Journal of Computer and System Sciences" }
 @String{CompSysSci = "J. Comput. System Sci." }
 @String{Computing = "Computing" }
 @String{ContempMath = "Contemporary Mathematics" }
 @String{ContempMath = "Contemp. Math." }
 @String{Crelle = "Crelle's Journal" }
 @String{GiornaleMath = "Giornale di Mathematiche" }
 @String{GiornaleMath = "Giorn. Mat." } % didn't find in AMS MR., ibid.

 %IEEE
 @String{Computer = "{IEEE} Computer" }
 @String{IEEETransComp = "{IEEE} Transactions on Computers" }
 @String{IEEETransComp = "{IEEE} Trans. Comput." }
 @String{IEEETransAC = "{IEEE} Transactions on Automatic Control" }
 @String{IEEETransAC = "{IEEE} Trans. Automat. Control" }
 @String{IEEESpec = "{IEEE} Spectrum" } % didn't find in AMS MR
 @String{ProcIEEE = "Proceedings of the {IEEE}" }
 @String{ProcIEEE = "Proc. {IEEE}" } % didn't find in AMS MR
 @String{IEEETransAeroElec = "{IEEE} Transactions on Aerospace and Electronic
     Systems" }
 @String{IEEETransAeroElec = "{IEEE} Trans. Aerospace Electron. Systems" }

 @String{IMANumerAna = "{IMA} Journal of Numerical Analysis" }
 @String{IMANumerAna = "{IMA} J. Numer. Anal." }
 @String{InfProcLet = "Information Processing Letters" }
 @String{InfProcLet = "Inform. Process. Lett." }
 @String{InstMathApp = "Journal of the Institute of Mathematics and
     its Applications" }
 @String{InstMathApp = "J. Inst. Math. Appl." }
 @String{IntControl = "International Journal of Control" }
 @String{IntControl = "Internat. J. Control" }
 @String{IntNumerEng = "International Journal for Numerical Methods in
     Engineering" }
 @String{IntNumerEng = "Internat. J. Numer. Methods Engrg." }
 @String{IntSuper = "International Journal of Supercomputing Applications" }
 @String{IntSuper = "Internat. J. Supercomputing Applic." } % didn't find
%% in AMS MR
 @String{Kibernetika = "Kibernetika" }
 @String{JResNatBurStand = "Journal of Research of the National Bureau
     of Standards" }
 @String{JResNatBurStand = "J. Res. Nat. Bur. Standards" }
 @String{LinAlgApp = "Linear Algebra and its Applications" }
 @String{LinAlgApp = "Linear Algebra Appl." }
 @String{MathAnaAppl = "Journal of Mathematical Analysis and Applications" }
 @String{MathAnaAppl = "J. Math. Anal. Appl." }
 @String{MathAnnalen = "Mathematische Annalen" }
 @String{MathAnnalen = "Math. Ann." }
 @String{MathPhys = "Journal of Mathematical Physics" }
 @String{MathPhys = "J. Math. Phys." }
 @String{MathComp = "Mathematics of Computation" }
 @String{MathComp = "Math. Comp." }
 @String{MathScand = "Mathematica Scandinavica" }
 @String{MathScand = "Math. Scand." }
 @String{TablesAidsComp = "Mathematical Tables and Other Aids to Computation" }
 @String{TablesAidsComp = "Math. Tables Aids Comput." }
 @String{NumerMath = "Numerische Mathematik" }
 @String{NumerMath = "Numer. Math." }
 @String{PacificMath = "Pacific Journal of Mathematics" }
 @String{PacificMath = "Pacific J. Math." }
 @String{ParDistComp = "Journal of Parallel and Distributed Computing" }
 @String{ParDistComp = "J. Parallel and Distrib. Comput." } % didn't find
%% in AMS MR
 @String{ParComputing = "Parallel Computing" }
 @String{ParComputing = "Parallel Comput." }
 @String{PhilMag = "Philosophical Magazine" }
 @String{PhilMag = "Philos. Mag." }
 @String{ProcNAS = "Proceedings of the National Academy of Sciences
                    of the USA" }
 @String{ProcNAS = "Proc. Nat. Acad. Sci. U. S. A." }
 @String{Psychometrika = "Psychometrika" }
 @String{QuartMath = "Quarterly Journal of Mathematics, Oxford, Series (2)" }
 @String{QuartMath = "Quart. J. Math. Oxford Ser. (2)" }
 @String{QuartApplMath = "Quarterly of Applied Mathematics" }
 @String{QuartApplMath = "Quart. Appl. Math." }
 @String{RevueInstStat = "Review of the International Statisical Institute" }
 @String{RevueInstStat = "Rev. Inst. Internat. Statist." }

 %SIAM
 @String{JSIAM = "Journal of the Society for Industrial and Applied
     Mathematics" }
 @String{JSIAM = "J. Soc. Indust. Appl. Math." }
 @String{JSIAMB = "Journal of the Society for Industrial and Applied
     Mathematics, Series B, Numerical Analysis" }
 @String{JSIAMB = "J. Soc. Indust. Appl. Math. Ser. B Numer. Anal." }
 @String{SIAMAlgMeth = "{SIAM} Journal on Algebraic and Discrete Methods" }
 @String{SIAMAlgMeth = "{SIAM} J. Algebraic Discrete Methods" }
 @String{SIAMAppMath = "{SIAM} Journal on Applied Mathematics" }
 @String{SIAMAppMath = "{SIAM} J. Appl. Math." }
 @String{SIAMComp = "{SIAM} Journal on Computing" }
 @String{SIAMComp = "{SIAM} J. Comput." }
 @String{SIAMMatrix = "{SIAM} Journal on Matrix Analysis and Applications" }
 @String{SIAMMatrix = "{SIAM} J. Matrix Anal. Appl." }
 @String{SIAMNumAnal = "{SIAM} Journal on Numerical Analysis" }
 @String{SIAMNumAnal = "{SIAM} J. Numer. Anal." }
 @String{SIAMReview = "{SIAM} Review" }
 @String{SIAMReview = "{SIAM} Rev." }
 @String{SIAMSciStat = "{SIAM} Journal on Scientific and Statistical
     Computing" }
 @String{SIAMSciStat = "{SIAM} J. Sci. Statist. Comput." }

 @String{SoftPracExp = "Software Practice and Experience" }
 @String{SoftPracExp = "Software Prac. Experience" } % didn't find in AMS MR
 @String{StatScience = "Statistical Science" }
 @String{StatScience = "Statist. Sci." }
 @String{Techno = "Technometrics" }
 @String{USSRCompMathPhys = "{USSR} Computational Mathematics and Mathematical
     Physics" }
 @String{USSRCompMathPhys = "{U. S. S. R.} Comput. Math. and Math. Phys." }
 @String{VLSICompSys = "Journal of {VLSI} and Computer Systems" }
 @String{VLSICompSys = "J. {VLSI} Comput. Syst." }
 @String{ZAngewMathMech = "Zeitschrift fur Angewandte Mathematik und
     Mechanik" }
 @String{ZAngewMathMech = "Z. Angew. Math. Mech." }
 @String{ZAngewMathPhys = "Zeitschrift fur Angewandte Mathematik und Physik" }
 @String{ZAngewMathPhys = "Z. Angew. Math. Phys." }

% Publishers % ================================================= |

 @String{Academic = "Academic Press" }
 @String{ACMPress = "{ACM} Press" }
 @String{AdamHilger = "Adam Hilger" }
 @String{AddisonWesley = "Addison-Wesley" }
 @String{AllynBacon = "Allyn and Bacon" }
 @String{AMS = "American Mathematical Society" }
 @String{Birkhauser = "Birkha{\"u}ser" }
 @String{CambridgePress = "Cambridge University Press" }
 @String{Chelsea = "Chelsea" }
 @String{ClaredonPress = "Claredon Press" }
 @String{DoverPub = "Dover Publications" }
 @String{Eyolles = "Eyolles" }
 @String{HoltRinehartWinston = "Holt, Rinehart and Winston" }
 @String{Interscience = "Interscience" }
 @String{JohnsHopkinsPress = "The Johns Hopkins University Press" }
 @String{JohnWileySons = "John Wiley and Sons" }
 @String{Macmillan = "Macmillan" }
 @String{MathWorks = "The Math Works Inc." }
 @String{McGrawHill = "McGraw-Hill" }
 @String{NatBurStd = "National Bureau of Standards" }
 @String{NorthHolland = "North-Holland" }
 @String{OxfordPress = "Oxford University Press" }  %address Oxford or London?
 @String{PergamonPress = "Pergamon Press" }
 @String{PlenumPress = "Plenum Press" }
 @String{PrenticeHall = "Prentice-Hall" }
 @String{SIAMPub = "{SIAM} Publications" }
 @String{Springer = "Springer-Verlag" }
 @String{TexasPress = "University of Texas Press" }
 @String{VanNostrand = "Van Nostrand" }
 @String{WHFreeman = "W. H. Freeman and Co." }

%Entries


@article{mccalpin1995stream,
  title={STREAM benchmark},
  author={McCalpin, John D},
  journal={Link: www. cs. virginia. edu/stream/ref. html\# what},
  volume={22},
  year={1995}
}
@inproceedings{karypis1995multilevel,
  title={Multilevel graph partitioning schemes},
  author={Karypis, George and Kumar, Vipin},
  booktitle={ICPP (3)},
  pages={113--122},
  year={1995}
}
@incollection{awad2015support,
  title={Support vector regression},
  author={Awad, Mariette and Khanna, Rahul},
  booktitle={Efficient learning machines},
  pages={67--80},
  year={2015},
  publisher={Springer}
}
@article{dytrych2016efficacy,
  title={Efficacy of the SU (3) scheme for ab initio large-scale calculations beyond the lightest nuclei},
  author={Dytrych, Tomas and Maris, Pieter and Launey, Kristina D and Draayer, Jerry P and Vary, James P and Langr, Daniel and Saule, Erik and Caprio, MA and Catalyurek, U and Sosonkina, Masha},
  journal={Computer Physics Communications},
  volume={207},
  pages={202--210},
  year={2016},
  publisher={Elsevier}
}

@inproceedings{lawrence2008mpi,
  title={An mpi tool for automatically discovering the switch level topologies of ethernet clusters},
  author={Lawrence, Joshua and Yuan, Xin},
  OPTbooktitle={2008 IEEE International Symposium on Parallel and Distributed Processing},
booktitle={proc. IPDPS},
  pages={1--8},
  year={2008},
}
@inproceedings{boman2013scalable,
  title={Scalable matrix computations on large scale-free graphs using 2D graph partitioning},
  author={Boman, Erik G and Devine, Karen D and Rajamanickam, Sivasankaran},
  OPTbooktitle={Proceedings of the International Conference on High Performance Computing, Networking, Storage and Analysis},
  booktitle={Proc. SuperComputing},
  pages={1--12},
  year={2013}
}
@article{chang2002training,
  title={Training v-support vector regression: theory and algorithms},
  author={Chang, Chih-Chung and Lin, Chih-Jen},
  journal={Neural computation},
  volume={14},
  number={8},
  pages={1959--1977},
  year={2002},
  publisher={MIT Press}
}
@article{guo2013performance,
  title={A performance modeling and optimization analysis tool for sparse matrix-vector multiplication on GPUs},
  author={Guo, Ping and Wang, Liqiang and Chen, Po},
  OPTjournal={IEEE Transactions on Parallel and Distributed Systems},
  journal={IEEE TPDS},
  volume={25},
  number={5},
  pages={1112--1123},
  year={2013},
}
@inproceedings{guo2018performance,
  title={Performance Prediction for CSR-Based SpMV on GPUs Using Machine Learning},
  author={Guo, Ping and Zhang, Changjiang},
  OPTbooktitle={2018 IEEE 4th International Conference on Computer and Communications (ICCC)},
  booktitle={Proc. ICCC},
  pages={1956--1960},
  year={2018},
  organization={IEEE}
}
@inproceedings{li2013numa,
  title={NUMA-aware shared-memory collective communication for MPI},
  author={Li, Shigang and Hoefler, Torsten and Snir, Marc},
  OPTbooktitle={Proceedings of the 22nd international symposium on High-performance parallel and distributed computing},
  booktitle={Proc. HPDC},
  pages={85--96},
  year={2013}
}
@article{gleich2015pagerank,
  title={PageRank beyond the Web},
  author={Gleich, David F},
  journal={siam REVIEW},
  volume={57},
  number={3},
  pages={321--363},
  year={2015},
  publisher={SIAM}
}
@book{saad2003iterative,
  title={Iterative methods for sparse linear systems},
  author={Saad, Yousef},
  year={2003},
  publisher={SIAM}
}
@article{deveci2015hypergraph,
  title={Hypergraph partitioning for multiple communication cost metrics: Model and methods},
  author={Deveci, Mehmet and Kaya, Kamer and U{\c{c}}ar, Bora and {\c{C}}ataly{\"u}rek, {\"U}mit V},
  OPTjournal={Journal of Parallel and Distributed Computing},
  journal={JPDC},
  volume={77},
  pages={69--83},
  year={2015},
  publisher={Elsevier}
}
@inproceedings{kaya2013analysis,
  title={Analysis of partitioning models and metrics in parallel sparse matrix-vector multiplication},
  author={Kaya, Kamer and U{\c{c}}ar, Bora and {\c{C}}ataly{\"u}rek, {\"U}mit V},
  OPTbooktitle={International Conference on Parallel Processing and Applied Mathematics},
  booktitle={Proc. PPAM},
  pages={174--184},
  year={2013},
  organization={Springer}
}
@inproceedings{nisa2018effective,
  title={Effective machine learning based format selection and performance modeling for SpMV on GPUs},
  author={Nisa, Israt and Siegel, Charles and Rajam, Aravind Sukumaran and Vishnu, Abhinav and Sadayappan, P},
  OPTbooktitle={2018 IEEE International Parallel and Distributed Processing Symposium Workshops (IPDPSW)},
  booktitle={Proc. IPDPSW},
  pages={1056--1065},
  year={2018},
  organization={IEEE}
}

@INPROCEEDINGS{Beamer15,
  author =	 {Beamer, Scott and Asanovic, Krste and Patterson,
                  David},
  booktitle =	 {2015 IEEE International Symposium on Workload
                  Characterization},
  title =	 {Locality Exists in Graph Processing: Workload
                  Characterization on an Ivy Bridge Server},
  year =	 {2015},
  volume =	 {},
  number =	 {},
  pages =	 {56-65},
  doi =		 {10.1109/IISWC.2015.12}
}